@article{Golub1996,
abstract = {A comprehensive survey of numerical linear algebra that covers linear equation, least squares, and eigenvalue problems. Algorithmic in spirit but with plenty of analysis.},
author = {Golub, Gene H and {Van Loan}, Charles F},
journal = {Johns Hopkins University, Press, Baltimore, MD, USA},
title = {{Matrix computations. 1996}},
year = {1996}
}
@book{Hjorth-Jensen2015,
author = {Hjorth-Jensen, Morten},
file = {:C$\backslash$:/Users/caspa/AppData/Local/Mendeley Ltd./Mendeley Desktop/Downloaded/Hjorth-Jensen - 2015 - ().pdf:pdf},
keywords = {()},
title = {{Lecture Notes 2015 FYS3150}},
year = {2015}
}
@article{Thomas1949,
author = {Thomas, L.H},
title = {{Elliptic Problems in Linear Differential Equations over a Network}},
year = {1949}
}
