@book{Hjorth-Jensen2015,
author = {Hjorth-Jensen, Morten},
file = {:C$\backslash$:/Users/caspa/AppData/Local/Mendeley Ltd./Mendeley Desktop/Downloaded/Hjorth-Jensen - 2015 - ().pdf:pdf},
keywords = {()},
title = {{Lecture Notes FYS3150}},
year = {2015}
}
