@Book{Toral+Colet,
 author    = "Ra√∫l {Toral} and Pere {Colet}",
 title     = "Stochastic Numerical Methods: An Introduction for Students and Scientists",
 publisher = "Wiley-VCH",
 year      =  2014,
 edition   = "1st edition"
}